
@online{crear-cliente-http,
  author   = {Shawn Stern},
  title    = {Custom HTTP Clients for the Twilio Python Helper Library},
  url      = {https://github.com/twilio/twilio-python/blob/main/advanced-examples/custom-http-client.md},
  date     = 2024,
  month    = mar,
  day      = 6,
  keywords = {twilio-python,cliente,http}
}

@online{readme,
  author   = {Varios},
  title    = {twilio-python README},
  url      = {https://github.com/twilio/twilio-python/blob/main/README.md},
  date     = 2024,
  month    = mar,
  day      = 6,
  keywords = {twilio-python,autenticación,credenciales}
}

@online{contributing,
  author   = {Varios},
  title    = {twilio-python README},
  url      = {https://github.com/twilio/twilio-python/blob/main/CONTRIBUTING.md},
  date     = 2024,
  month    = mar,
  day      = 6,
  keywords = {twilio-python,contribución}
}

@online{twilio-rest,
  author   = {Twilio documentation team},
  title    = {How to Use Our REST APIs},
  url      = {https://www.twilio.com/docs/usage/api},
  date     = 2024,
  month    = mar,
  day      = 6,
  keywords = {twilio,api,rest}
}

@online{hmac-sha1,
  author   = {Davy Zhang},
  title    = {How Secure is it to Use HMAC with SHA-1?},
  url      = {https://itoolkit.co/blog/2023/08/how-secure-is-it-to-use-hmac-with-sha-1/},
  date     = 2024,
  month    = mar,
  day      = 6,
  keywords = {sha,hmac,encryption}
}

@online{sha1-broken,
  author   = {Marc Stevens and Elie Bursztein and Pierre Karpman and Ange Albertini and Yarik Markov and Alex Petit Bianco and Clement Baisse},
  title    = {Announcing the first SHA1 collision},
  url      = {https://security.googleblog.com/2017/02/announcing-first-sha1-collision.html},
  date     = 2024,
  month    = mar,
  day      = 6,
  keywords = {sha,broken}
}

@online{contribución-readme,
  author    = {Juan Prieto},
  title     = {TODO},
  url       = {TODO},
  date      = 2024,
  month     = mar,
  day       = 6,
  kkeywords = {contribución,readme}
}

@online{contribución-security-improvements,
  author   = {Milá de la Roca, Javier},
  title    = {Respuesta a "Security Improvement"},
  url      = {https://github.com/twilio/twilio-python/issues/774#issuecomment-1981266666},
  date     = 2024,
  month    = mar,
  day      = 6,
  keywords = {contribución,issue}
}

@online{contribución-repeated-code,
  author   = {Milá de la Roca, Javier},
  title    = {Respuesta a "Repeated code"},
  url      = {https://github.com/twilio/twilio-python/issues/776#issuecomment-1981321881},
  date     = 2024,
  month    = mar,
  day      = 6,
  keywords = {contribución,issue}
}

@online{contribución-wrong-login,
  author   = {Milá de la Roca, Javier},
  title    = {Respuesta a "Something went wrong WHEN try to login"},
  url      = {https://github.com/twilio/twilio-python/issues/746#issuecomment-1981305190},
  date     = 2024,
  month    = mar,
  day      = 6,
  keywords = {contribución,issue}
}